@misc{bsi-cloud,
	title = {{Cloud: Risiken und Sicherheitstipps}},
	url = {https://www.bsi.bund.de/DE/Themen/Verbraucherinnen-und-Verbraucher/Informationen-und-Empfehlungen/Cloud-Computing-Sicherheitstipps/Cloud-Risiken-und-Sicherheitstipps/cloud-risiken-und-sicherheitstipps_node.html},
    author = {{Bundesamt für Sicherheit in der Informationstechnik}}
}

@misc{apple-airdrop,
	title = {{So verwendest du AirDrop auf einem iPhone oder iPad}},
	url = {https://support.apple.com/de-de/HT204144},
	author = {{Apple Inc.}}
}

@misc{ethz-vernetzte-systeme,
	title = {{Vernetzte Systeme}},
	url = {http://www.vs.inf.ethz.ch/edu/WS0001/VS/Vorl.VNetz00_07.pdf},
	author = {{Eidgenössische Technische Hochschule Zürich}},
	year = {2000}
}

@misc{enginner-man-udp,
	author = {Brian Seymour},
	month = {7},
	title = {{How To Create UDP Peer-To-Peer Connections With Netcat}},
	year = {2021},
	url = {https://www.youtube.com/watch?v=TiMeoQt3K4g},
}

@misc{google-2015,
	month = {5},
	title = {{ChaCha20 and Poly1305 for IETF Protocols}},
	author = {{Google, Inc.}},
	year = {2015},
	issn = {2070-1721},
	url = {https://tools.ietf.org/html/rfc7539}
}

@misc{Apodaca-2023,
	month = {2},
	title = {{Using the Typestate Pattern with Rust Traits}},
	year = {2023},
	author = {Richard L. Apodaca},
	url = {https://depth-first.com/articles/2023/02/28/using-the-typestate-pattern-with-rust-traits/},
}