@misc{bsi-cloud,
	title = {{Cloud: Risiken und Sicherheitstipps}},
	url = {https://www.bsi.bund.de/DE/Themen/Verbraucherinnen-und-Verbraucher/Informationen-und-Empfehlungen/Cloud-Computing-Sicherheitstipps/Cloud-Risiken-und-Sicherheitstipps/cloud-risiken-und-sicherheitstipps_node.html},
    author = {{Bundesamt f√ºr Sicherheit in der Informationstechnik}}
}

@misc{apple-airdrop,
	title = {{So verwendest du AirDrop auf einem iPhone oder iPad}},
	url = {https://support.apple.com/de-de/HT204144},
	author = {{Apple Inc.}}
}